<?xml version="1.0" encoding="UTF-8"?><record xmlns="http://www.loc.gov/MARC21/slim" xmlns:cinclude="http://apache.org/cocoon/include/1.0" xmlns:zs="http://www.loc.gov/zing/srw/">
  <leader>00636cz  a2200133n  4500</leader>
  <controlfield tag="001">n  87120649 </controlfield>
  <controlfield tag="003">DLC</controlfield>
  <controlfield tag="005">19990526053646.8</controlfield>
  <controlfield tag="008">870818n| acannaab|          |n and |||  </controlfield>
  <datafield tag="010" ind1=" " ind2=" ">
    <subfield code="a">n  87120649 </subfield>
  </datafield>
  <datafield tag="035" ind1=" " ind2=" ">
    <subfield code="a">(OCoLC)oca01921222 </subfield>
  </datafield>
  <datafield tag="040" ind1=" " ind2=" ">
    <subfield code="a">DLC</subfield>
    <subfield code="c">DLC</subfield>
    <subfield code="d">DLC</subfield>
    <subfield code="d">TxU</subfield>
  </datafield>
  <datafield tag="110" ind1="2" ind2=" ">
    <subfield code="a">Universidad del Norte (Chile).</subfield>
    <subfield code="b">Dirección de Investigaciones, Extensión y Asistencia Técnica</subfield>
  </datafield>
  <datafield tag="670" ind1=" " ind2=" ">
    <subfield code="a">nuc87-80199: Núñez A., L. Ocupación paleoindio en Quaero, 1983</subfield>
    <subfield code="b">(hdg. on CSt rept.: Universidad del Norte. Dirección de Investigaciones, Extensión y Asistencia Técnica; usage: Dirección de Investigaciones, Extensión y Asistencia Técnica)</subfield>
  </datafield>
</record>